@Misc{heroux2020e4s,
author = {M. Heroux and J. Willenbring and S. Shende and C. Coti and W. Spear and L. Peyralans andJ. Skutnik and E. Keever},
year = {2020},
month = {July},
howpublished = {White Paper, Collegeville Workshop},
title = {{E4S: Extreme-scale Scientific Software Stack}},
URL= {https://collegeville.github.io/CW20/WorkshopResources/WhitePapers/heroux-willenbring-shende-coti-spear-et-al-E4S.pdf}
}


@article{osti_1640619,
title = {{The Extreme-Scale Scientific Software Stack (E4S)}},
author = {Heroux, Michael A.},
abstractNote = {Abstract not provided.},
url = {https://www.osti.gov/biblio/1640619},
place = {United States},
year = {2019},
month = {6}
}

@misc{osti_1868332,
title = {Software Deployment Process at {NERSC}: Deploying the {Extreme-scale Scientific Software Stack (E4S)} Using {Spack} at the {National Energy Research Scientific Computing Center (NERSC)}},
author = {Siddiqui, Shahzeb and Shende, Sameer},
note = {\url{https://dx.doi.org/10.2172/1868332}},
doi = {10.2172/1868332},
url = {https://www.osti.gov/biblio/1868332},
place = {United States},
year = {2022},
month = {May}
}

@misc{rob_farber_article,
  author =   {{Rob Farber}},
  title = "{The Extreme-Scale Scientific Software Stack (E4S)}: A New Resource for Computational And Data Science Research", 
  year = {2020},
  howpublished ={{https://www.exascaleproject.org/the-extreme-scale-scientific-software-stack-e4s-a-new-resource-for-computational-and-data-science-research}}
}


@misc{MAGIC_2022,
 author = {{Michael Heroux}},
  title = "Toward a {Leadership Software Center (LSC)}: Transforming Science {R\&D} into World-class Leadership Software",
  howpublished ={\url{https://www.nitrd.gov/nitrdgroups/images/2022/MAGIC-Michael-Heroux-02022022.pdf}},
  year ={2022}
}


@misc{E4S_RIKEN_2022,
 author = {{Michael Heroux}},
  title = "{The Extreme-scale Scientific Software Stack (E4S)} for Collaborative Open Source Software",
  note = {The 2nd R-CCS International Symposium},
  howpublished ={\url{https://www.r-ccs.riken.jp/R-CCS-Symposium/2020/shared/images/under/program/Heroux-RCCS-2020_OK.pdf}},
  year = {2022}
}


@misc{JLESC_2021,
 author =   {{Lois Curfman McInnes}},
  title =    "How a Community Software Ecosystem Perspective Helps to Advance Science Goals in the {Exascale Computing Project}",
  note = {12th Joint Laboratory for Extreme Scale Computing (JLESC) Workshop},
  howpublished ={\url{https://icl.utk.edu/jlesc12/files/jlesc12\_McInnes.pdf}},
  year = {2021}
}

 @misc{McInnes_SC21,
 author =   {{Lois Curfman McInnes}},
  title =    "Powering {HPC} Discoveries through Scientific Software Ecosystems and Communities",
  note = {SC21 invited presentation},
  howpublished ={\url{https://www.youtube.com/watch?v=EiG9jlh49J4}},
  year = {2021}
}

@misc{E4S_SOS24,
 author =   {Michael Heroux and Lois Curfman McInnes and Rajeev Thakur and Jeffrey Vetter and Sherry Li and James Ahrens and Todd Munson and Kathryn Mohror and Timothy Germann and Ryan Adamson and Todd Gamblin and Sameer Shende and James Willenbring},
  title =    "{A Response to the Stewardship of Software for Scientific and High-Performance Computing Request for Information}",
  howpublished ={\url{https://github.com/tgamblin/ascr-software-stewardship-rfi-responses}},
  year =         {2022}
}

@misc{HPC_User_Forum_2021,
 author =   {{Doug Kothe}},
  title = "{Exascale Computing Project Update, HPC User Forum}",
  howpublished ={\url{https://www.hpcuserforum.com/wp-content/uploads/2021/09/Exascale-Computing-Project-Update_ORNL_D.Kothe_Sept-2021-HPC-UF.pdf}},
  year = {2022}
}

@misc{CCS_Tsukuba_2022,
 author =   {{Jeffrey Vetter}},
  title = {Preparing for Post-Exascale Computing},
  note = "The 30th Anniversary Symposium of the Center for Computational Science, University of Tsukuba",
  howpublished ={\url{https://www.ccs.tsukuba.ac.jp/wp-content/uploads/sites/14/2022Vetter.pdf}},
  year = {2022}
}

@misc{E4S_SOS24-1,
 author = {{Sameer Shende}},
  title = "{E4S: Extreme-Scale Scientific Software Stack}",
  note = {SOS24 Workshop},
  howpublished ={\url{https://sos24.cscs.ch/session/e4s-extreme-scale-scientific-software-stack}},
  year = {2022}
}

@misc{E4S_ADG22,
 author = {Sameer Shende},
  title = "{E4S and TAU Performance System on POWER Systems}",
  note = {ADG Workshop},
  howpublished ={\url{https://cfp.openpower.foundation/sc22openpoweradgworkshop/talk/HP3R8E}},
  year = {2022}
}

@misc{pantheon_e4s,
  title = "{Project Cinema/E4S}",
  howpublished ={\url{http://pantheonscience.org/e4s}},
  key = {pantheon},
  year = {2022}
}

@misc{E4S_Forum_2020,
  title =    "{The Second E4S Extreme-Scale Scientific Software Stack Forum Workshop at EuroMPI/USA 2020}",
  howpublished ={\url{https://oaciss.uoregon.edu/E4S-Forum20}},
  key = {E4S Forum 2020},
  year = {2020}
}

@misc{E4S_NERSC_2022,
  author = {Sameer Shende},
  title =    "{What is E4S? E4S at NERSC 2022 Workshop}",
  howpublished ={\url{https://www.exascaleproject.org/wp-content/uploads/2022/05/E4S-2022-08-25-Shende\_1.pdf}},
  year = {2022}
}

@misc{SC19_E4S_BOF,
  title = "{Extreme-Scale Scientific Software Stack (E4S), BoF at SC19}",
  howpublished ={\url{https://sc19.supercomputing.org/proceedings/bof/bof\_pages/bof193.html}},
  key = {SC19},
  year = {2019}
}

@misc{HPCWire_E4S_2021,
 author = {HPCWire}, 
  title = "{Lets Talk Exascale: Helping Users Deploy HPC Tools and Libraries in a Consistent Interoperable Software Stack}",
  howpublished ={{https://www.hpcwire.com/off-the-wire/lets-talk-exascale-helping-users-deploy-hpc-tools-and-libraries-in-a-consistent-interoperable-software-stack}},
  year = {2019}
}
@misc{ECP_E4S_Podcast_2020,
 author = {Sameer Shende}, 
  title = "{Helping Users Deploy HPC Tools and Libraries in a Consistent Interoperable Software Stack}",
  howpublished ={https://www.exascaleproject.org/helping-users-deploy-high-performance-computing-tools-and-libraries-in-a-consistent-interoperable-software-stack},
  year = {2020}
}

@misc{ECP_E4S_Podcast_2019,
 author = {Sameer Shende}, 
  title =    "{A Powerful Tool for Improving Parallel Computing Applications}",
  howpublished ={https://www.exascaleproject.org/a-powerful-tool-for-improving-parallel-computing-applications},
  year = {2019}
}

@misc{BSSW_Blog_E4S_2021,
 author = {Better Scientific Software}, 
  title = "{E4S: Extreme-scale Scientific Software Stack}",
  howpublished ={{https://bssw.io/blog\_posts/e4s-extreme-scale-scientific-software-stack}},
  year = {2021}
}

@misc{HPCWire_E4S_22_02,
 author = {HPCWire}, 
  title = "{Extreme-Scale Scientific Software Stack Releases Version 22.02}",
  howpublished ={https://www.hpcwire.com/off-the-wire/extreme-scale-scientific-software-stack-releases-version-22-02},
  year = {2022}
}

@misc{AGU_Fall_Meeting_E4S_Dec2021,
 author = {AGU Fall Meeting}, 
  title = "{E4S: Extreme-scale Scientific Software Stack (Invited), IN14A-01: Accelerating Science: Moving from Simply Sharing Data to Reproducibility Through Tools Like Containers Supported by Community}",
  howpublished ={\url{https://agu.confex.com/agu/fm21/meetingapp.cgi/Paper/992954}},
  year = {2021}
}

@misc{SEA_E4S_HPC_AI,
 author = {Sameer Shende}, 
  title = "{E4S Containers for HPC and AI, UCAR Software Engineering Assembly}",
  howpublished ={https://sea.ucar.edu/event/E4S-Containers-for-HPC-and-AI},
  year = {2021}
}

@misc{TAU_E4S_IWOCL22,
 author = {Sameer Shende},
  title = "{TAU Performance System for SYCL and E4S, oneAPI DeveloperSummit IWOCL 2022}",
  howpublished ={https://www.oneapi.io/event-sessions/tau-performance-system-for-sycl-and-e4s-iwocl-2022},
  year = {2022}
}

https://www.oneapi.io/event-sessions/tau-performance-system-for-sycl-and-e4s-iwocl-2022/
@misc{insideHPC_E4S_Feb2019,
 author = {InsideHPC}, 
  title = "{Exascale Computing Project updates Extreme-Scale Scientific Software Stack}",
  howpublished ={https://insidehpc.com/2019/02/exascale-computing-project-updates-extreme-scale-scientific-software-stack},
  year = {2019}
}

@misc{BSSW_SW_E4S,
 author = {Shahzeb Siddiqui and Sameer Shende}, 
  title = "{Software Development: Bringing E4S Resources into Effective Action}",
  howpublished ={\url{https://bssw.io/blog_posts/software-deployment-bringing-e4s-resources-into-effective-action}},
  year = {2022}
}

@misc{ANL_E4S_Hackathon_2021,
 author = {Sameer Shende}, 
  title = "{E4S Hackathon}",
  howpublished ={https://www.alcf.anl.gov/events/e4s-hackathon},
  year ={2022}
}

@misc{ECP_E4S_22_02,
 author = {Scott Gibson}, 
  title =    "{Extreme-Scale Scientific Software Stack Releases Version 22.02}",
  howpublished ={https://www.exascaleproject.org/extreme-scale-scientific-software-stack-e4s-releases-version-22-02},
  year ={2022}
}

@misc{OpenPOWER_E4S_TAU_,
 author = {{Sameer Shende}}, 
  title =    "{OpenPOWER AI, Cloud Virtual University: E4S and TAU}",
  howpublished ={https://www.youtube.com/watch?v=bvTsB4LEmOY},
  year ={2022}
}

@misc{E4S_IAW21,
 author = {{University of Oregon}}, 
  title =    "{Getting Started with E4S for Industry and Agencies}",
  howpublished ={https://oaciss.uoregon.edu/E4S-IAW21/index.html},
  year ={2021}
}

@misc{E4S_PHPS22,
 author = {{Sameer Shende}}, 
 note={Portable Heterogenous Programming with SYCL workshop at ISC-HPC 2022},
  title ="{E4S: Extreme-scale Scientific Software Stack}",
  howpublished ={https://www.sycl.tech/assets/files/SYCL\_Workshop_ISC22-Sameer-Shende.pdf},
  year ={2021}
}

@misc{E4S_BlueWaters_2019,
 author = {{Sameer Shende}}, 
 note={Blue Waters Webinar},
  title ="{E4S: Extreme-scale Scientific Software Stack}",
  howpublished ={https://bluewaters.ncsa.illinois.edu/webinars/software-ecosystems/e4s},
  year ={2019}
}

@misc{OpenPOWER_E4S_2021,
 author = {{Sameer Shende}}, 
  title ="{OpenPOWER Foundation: E4S: Extreme-scale Scientific Software Stack}",
  howpublished ={https://www.youtube.com/watch?v=BaM41hWNSmU},
  year ={2021}
}

@misc{IBM_E4S_Feb2020,
 author = {IBM}, 
  title ="{E4S: Extreme-scale Scientific Software Stack}",
  howpublished ={https://www.linkedin.com/pulse/extreme-scale-scientific-software-stack-e4s-ganesan-narayanasamy},
  year ={2020}
}

@misc{IBM_E4S_TAU_Apr2020,
 author = {IBM}, 
  title =    "{E4S and TAU}",
  howpublished ={https://www.linkedin.com/pulse/e4s-tau-webinar-from-university-oregon-ibm-data-ganesan-narayanasamy},
  year ={2020}
}

@misc{E4S_SC20_Tutorial,
 author = {Sameer Shende},
  title ="{E4S Overview and Demo}",
  howpublished ={https://sc20.supercomputing.org/presentation/?id=tut129\&sess=sess271},
  year ={2020}
}
@misc{E4S_TAU_CINECA22,
 author =   {{Sameer Shende}},
  title =    "{E4S and the TAU Performance System for highly-parallel application profiling on heterogeneous machines, Seminar at CINECA, Italy}",
  howpublished =        {{https://www.hpc.cineca.it/center\_news/seminar-e4s-and-tau-performance-system-highly-parallel-application-profiling}},
  year =         {2022}
}

@misc{E4S_OpenPOWER_SummitNA_2020,
 author = {Sameer Shende}, 
  title = "{E4S: Extreme-scale Scientific Software Stack}",
  howpublished = {https://openpowerna2020.sched.com/event/eDrq/e4s-extreme-scale-scientific-software-stack-sameer-shende-university-of-oregon},
  year = {2020}
}

@misc{ecp_podcast_e4s,
 author = {Sameer Shende}, 
  title = "{Simplifying the Deployment of High-Performance Computing Tools and Libraries}",
  howpublished = {https://www.exascaleproject.org/simplifying-the-deployment-of-high-performance-computing-tools-and-libraries},
  year = {2020}
}

@misc{HPCWire_E4S_2020,
 author = {HPCWire}, 
  title = "{US DOE Exscale Computing Project Announced Availability of the Extreme-Scale Scientific Software Stack (E4S) v1.2}",
  howpublished = {https://www.hpcwire.com/off-the-wire/us-doe-exascale-computing-project-announced-availability-of-the-extreme-scale-scientific-software-stack-e4s-v1-2},
  year = {2019}
}

@misc{E4S_SIAMPP_20,
 author = {Sameer Shende}, 
  title = "{Extreme-Scale Scientific Software Stack (E4S)}",
  howpublished = {https://youtu.be/xrQlCvFsGcs},
  year = {2020}
}

@misc{SEA_E4S_Tutorial_2019,
 author = {Sameer Shende}, 
  title = "{E4S: Extreme-scale Scientific Software Stack}",
  howpublished = {https://sea.ucar.edu/event/e4s-extreme-scale-scientific-software-stack},
  year = {2019}
}

@misc{alcf_event_e4s,
  title = "{E4S at ALCF}",
  howpublished =  {\url{https://www.alcf.anl.gov/events/e4s-hackathon}},
  key = {ALCF},
  year = {2021}
}

@misc{nersc_event_e4s,
  title = "{E4S at NERSC 2022}",
  howpublished =  {\url{https://www.exascaleproject.org/event/e4s\_at\_nersc\_aug2022}},
  key = {NERSC},
  year = {2022}
}

@misc{e4s_olcf, 
title = {{Extreme-Scale Scientific Software Stack (E4S)}}, 
author = {Oak Ridge Leadership Computing Facility}, 
howpublished = {\url{https://www.olcf.ornl.gov/e4s/}}, 
year = {2019}}

@misc{ecp_at_siam_pp22,
  title = "{ECP at the SIAM Conference on Parallel Processing for Scientific Computing (SIAM PP22}",
  howpublished = {https://www.exascaleproject.org/siam-pp22},
  year = {2022}
}

@misc{ecp_e4s,
  title = "{E4S and SDK} Efforts",
  howpublished = {https://www.exascaleproject.org/research-project/e4s-and-sdk-efforts},
  year = {2022}
}

@misc{nersc_docs_e4s,
 author = {{NERSC}}, 
  title = "{Extreme-scale Scientific Software Stack (E4S)}",
  howpublished = {\url{https://docs.nersc.gov/applications/e4s}},
  year = {2022}
}

@misc{nsfdoeworkshop19,
  author =   {{University of Oregon}},
  title = "{{1st Workshop on NSF and DOE High Performance Computing Tools}}", 
  year = {2019},
  howpublished = {https://oaciss.uoregon.edu/NSFDOE19}
}

@misc{E4S-web,
  title = "{Extreme-scale Scientific Software Stack (E4S) Website}",
  howpublished = {https://e4s.io},
  year = {2022}
}

@misc{E4S-validation,
  author = {{Exascale Computing Project}},
  title = "{{E4S Testsuite}}", 
  year = {2022},
  howpublished = {https://github.com/E4S-Project/testsuite}
}

@misc{e4s-gitlab,
  author = {{University of Oregon}},
  title = "{{E4S GitLab}}",
  year = {2022},
  howpublished = {https://gitlab.e4s.io}
}

@misc{uo-frank,
  author={{University of Oregon}},
  title = "{Frank}",
  howpublished = {https://oaciss.uoregon.edu/frank}
}