% Papers: xSDK/HowTo 

@inproceedings{Gamblin:CharmWorkshop2015,
	Address = {Parallel Programming Laboratory, University of Illinois, Urbana-Champaign},
	Author = {Todd Gamblin},
	Booktitle = {13th Annual Workshop on Charm++ and its Applications},
	Date-Added = {2015-05-19 05:26:01 +0000},
	Date-Modified = {2015-05-19 05:28:07 +0000},
	Month = {May 7-8,},
	Title = {{Spack: a flexible package manager for HPC}},
	Year = {2015}}

% -----------------------------------------------------------------------------
% Papers: Use Cases
%
% Use Case 1

@string{ProcediaComputerScience = "Procedia Comput. Sci."}
@article{TDScheibe_etal_ICCS_2015,
  author  = {T. D. Scheibe and X. Yang and X. Chen and G. Hammond},
  title   = {A Hybrid Multiscale Framework for Subsurface Flow 
             and Transport Simulations},
  journal = ProcediaComputerScience,
  volume  = 51,
  number  = 0,
  pages   = {1098--1107},
  year    = 2015,
  note    = "International Conference on Computational Science, 
            {(ICCS)} 2015 Computational Science at the Gates of Nature ",
  doi     = "http://dx.doi.org/10.1016/j.procs.2015.05.276",
  url     = "http://www.sciencedirect.com/science/article/pii/S1877050915010844"
}

% Use Case 2

@string{EnvironmentalModellingANDSoftware = {Environmental Modelling \& Software}}
@Article{ETCoon_JDMoulton_SLPainter_2016a,
  author  = {Ethan T. Coon and J. David Moulton and Scott L. Painter},
  title   = {Managing Complexity in Simulations of Land Surface and Near-surface Processes},
  journal = EnvironmentalModellingANDSoftware,
  volume  = 78,
  pages   = {134--149},
  year    = 2016,
  doi     = {http://dx.doi.org/10.1016/j.envsoft.2015.12.017}
}


% Use Case 3

@Article{RMMaxwell_etal_2016a,
  author  = {R. M. Maxwell and L. E. Condon and S. J. Kollet and K. Maher 
             and R. Haggerty and M. M. Forrester},
  title   = {The imprint of climate and geology on the residence times of groundwater},
  journal = {Geophysical Research Letters},
  volume  = 43,
  number  = 2,
  pages   = {701--708},
  year    = 2016,
  doi     = {http://dx.doi.org/10.1002/2015GL066916}
}

@Article{RMMaxwell_LECondon_2015a,
  author  = {R. M. Maxwell and L. E. Condon},
  title   = {Evaluating the relationship between topography and
             groundwater using outputs from a continental scale
             integrated hydrology model},
  journal = {Water Resources Research},
  volume  = 51,
  year    = 2015,
  doi     = {http://dx.doi.org/10.1002/2014WR016774}
}

@Article{LECondon_ASHering_RMMaxwell_2015a,
  author  = {L. E. Condon and A. S. Hering and R. M. Maxwell},
  title   = {Quantitative assessment of groundwater controls across
             major US river basins using a multi-model regression
             algorithm.},
  journal = {Advances in Water Resources},
  volume  = 82,
  pages   = {106--123},
  year    = 2015,
  doi     = {http://dx.doi.org/10.1016/j.advwatres.2015.04.008}
}

% ----------------------------------------------------------------------------

% Super Computing 2014

@misc{se-hpccse14-bernholdt,
  author = "David Bernholdt",
  title  = "An Introduction to the {IDEAS} Software Productivity Project",
  note   = "Presentation at the Second International Workshop on Software Engineering 
           for High-Performance Computing in Computational Science and Engineering (SE-HPCCSE 2014),
           held in conjunction with SC14, November 2014",
}

% SIAM CSE Minisymposium

@preamble{ "\newcommand{\SIAMCSE}{SIAM Conference on Computational 
           Science and Engineering, March 14-18, 2015, Salt Lake City, Utah}" }

@misc{siam-cse15,
  author = "{SIAM Conference on Computational Science and Engineering (CSE15)}",
  note   = "Hans De Sterck, Chris Johnson, and Lois Curfman McInnes (CSE15 Co-Chairs),
            March 14-18, 2015, Salt Lake City, Utah, \url{http://www.siam.org/meetings/cse15/}",
  year   = 2015
}

@misc{siam-cse15-mini,
  author = "Hans Johansen and Lois Curfman {McInnes (Co-organizers)}", 
  title  = "Scientific Software Productivity at Extreme Scale",
  note   = "Minisymposium at \SIAMCSE{}",
  year   = 2015
}

% Talks at SIAM CSE 2015

@misc{siam-cse15-mini-McInnesHerouxJohansen,
  author = "Lois Curfman McInnes and Mike Heroux and Hans Johansen",
  title  = "Software Productivity Challenges for Extreme-Scale Science",
  note   = "Presentation at \SIAMCSE{}",
  year   = 2015
}

@misc{siam-cse15-mini-Bernholdt,
  author = "David Bernholdt and Wael Elwasif and Donald Batchelor",
  title  = "Software Productivity Appliction: Integrated Modeling for Fusion Energy",
  note   = "Presentation at \SIAMCSE{}",
  year   = 2015
}

@misc{siam-cse15-mini-MoultonCoonSteefel,
  author = "David Moulton and Ethan Coon and Carl Steefel and Sergi Molins and Scott Painter",
  title  = "Software Productivity Challenges in Environmental Applications",
  note   = "Presentation at \SIAMCSE{}",
  year   = 2015
}

@misc{siam-cse15-mini-CarverHeroux,
  author = "Jeffrey Carver and Mike Heroux",
  title  = "Software Productivity Community Input: Concerns and Priorities",
  note   = "Facilitated discussion at \SIAMCSE{}",
  year   = 2015
}

% MODFLOW and More 2015

@Misc{modflow15-ideas-overview,
  author = {David Moulton and Scott Painter and Carl Steefel and
            Ethan Coon and Sergi Molins and Glenn Hammond and 
            Jeff Johnson and Reed Maxwell and Tim Scheibe and Xiaofan Yang
            and Mike Heroux and Lois Curfman McInnes and David Bernholdt
            and Hans Johansen and Ulrike Meier Yang and {the IDEAS team}},
  title  = {Community Approaches to Software Productivity in Environmental Applications},
  year   = 2015,
  note   = {Poster at MODFLOW and More 2015: Modeling a Complex World, 
            May 31 -- June 3, 2015, Colorado School of Mines, Golden, CO}
}

% ICCS15: talk with paper

@Misc{iccs15-multiscale,
  author = {Timothy Scheibe and Xiaofan Yang and Xingyuan Chen and Glenn Hammond},
  title  = {A Hybrid Multiscale Framework for Subsurface Flow and Transport Simulations},
  year   = 2015,
  note   = {Presentation at the Multiscale Modelling and Simulation, 
            12$^{th}$ International Workshop (MSCALE) in the ICCS 2015: 
            Computational Science at the Gates of Nature, June 1--3, 2015, 
            Reykjavik, Iceland}
}

% SIAM GS Minisymposium

@preamble{ "\newcommand{\SIAMGS}{SIAM Conference on Computational Issues 
           in the Geosciences, June 29-July 2, 2015, Stanford, CA}" }

@Misc{siam-gs15-mini,
  author = {David Moulton and Ethan {Coon (Co-organizers)}},
  title  = {Interoperable Designs and Community Approaches to 
            Software Productivity},
  year   = 2015,
  note   = {Minisymposium at \SIAMGS{}}
}

% Talks at SIAM GS
%
% Moulton - overview
% Coon    - coupling frameworks
% Wang    - modular development/testing/refactoring
% Molins  - Alquimia interface for Crunchflow
% Maxwell - CONUS

@Misc{siam-gs15-ideas-overview,
  author = {David Moulton and Carl Steefel and Scott Painter and 
            Ethan Coon and Sergi Molins and Glenn Hammond and 
            Reed Maxwell and Tim Scheibe and Xiaofan Yang},
  title  = {Interoperable Design of Extreme-Scale Application Software 
            {(IDEAS)}: A Community Approach to Software Productivity},
  year   = 2015,
  note   = {Presentation at \SIAMGS{}}
}

@Misc{siam-gs15-complexity,
  author = {Ethan Coon and David Moulton and Scott Painter 
            and Markus Berndt},
  title  = {Arcos: a Coupling Framework for Managing Complexity and 
            Enabling Rapid Development in Ecosystem Hydrology},
  year   = 2015,
  note   = {Presentation at \SIAMGS{}}
}

@Misc{siam-gs15-refactoring,
  author = {Dali Wang},
  title  = {Experience and Lessons on Modular Ecosystem Model Development},
  year   = 2015,
  note   = {Presentation at \SIAMGS{}}
}

@Misc{siam-gs15-alquimia,
  author = {Sergi Molins and David Trebotich and Joe Beisman and Reed Maxwell
            and Ben Andre and Jeff Johnson and Marc Day and Glenn Hammond 
            and Carl Steefel},
  title  = {Interfacing the Geochemical Code {CrunchFlow} with {HPC} Transport 
            Codes at Different Spatial Scales: Lessons and Outlook},
  year   = 2015,
  note   = {Presentation at \SIAMGS{}}
}

@Misc{siam-gs15-conus,
  author = {Reed Maxwell and Laura Condon and Stefan Kollet 
            and Mary Michael Forrester},
  title  = {Pushing Integrated Hydrologic Modeling Towards the Exascale:
            Case Studies in Residence Time and Scaling Using Hyperresolution 
            Simulations over the Continental {U.S.} and the {Colorado} Headwaters},
  year   = 2015,
  note   = {Presentation at \SIAMGS{}}
}

% AGU Fall Meeting

@preamble{ "\newcommand{\AGUFALLf}{AGU Fall Meeting, December 14--18, 2015,
           San Francisco, CA}" }

@Misc{agu-fall15-poster-session,
  author = {D. Dwivedi and S. Molins and C. Steefel and D. {Moulton (Co-organizers)}},
  title  = {Benchmarking Next-Generation Reactive Transport Models for
            Predicting Watershed Biogeochemical Cycling},
  year   = 2015,
  note   = {Poster Session B43B organized at \AGUFALLf{}}
}

% Posters
%
% Johnson - Alquimia
% Hammond - 
% Beisman - 
%

@Misc{agu-fall15-alquimia-poster,
  author = {Jeffrey N. Johnson and Sergi Molins},
  title  = {Alquimia: Exposing mature biogeochemistry capabilities for
            easier benchmarking and development of next-generation 
            subsurface codes},
  year   = 2015,
  note   = {Poster B43B-0542 at \AGUFALLf{}}
}

@Misc{agu-fall15-pflotran-poster,
  author = {Glenn E. Hammond},
  title  = {{PFLOTRAN}: Recent Developments Facilitating Massively-Parallel
            Reactive Biogeochemical Transport},
  year   = 2015,
  note   = {Poster B43B-0547 at \AGUFALLf{}}
}

% Town Hall

@Misc{agu-fall15-townhall,
  author = {J. D. Moulton and H. M. Wainwright and T. Scheibe and D. Lesmes},
  title  = {A critical gap in data management: integration workflows for models and data},
  year   = 2015,
  note   = {Townhall TH23C at \AGUFALLf{}}
}

% BER ESS PI Meeting

% 2015: 2 posters
%
% Heroux et al.   - overview
% Moulton et al.  - use cases

@preamble{ "\newcommand{\ESSPIf}{DOE Environmental Systems Science Annual 
           Principal Investigators Meeting, April 28-29, 2015, Potomac, MD}"}

@Misc{ESS-poster-IDEAS-overview-2015,
  author = {Michael A. Heroux and Lois Curfman McInnes 
            and David Bernholdt and Hans Johansen 
            and Tim Scheibe and Ulrike Yang 
            and Ross Bartlett and Sherry Li 
            and Barry Smith and James Willenbring 
            and {the IDEAS team}},
  title  = {Interoperable Design of Extreme-scale Application Software
            {(IDEAS)}: Software Development Metholdologies that
            Enhance Scientific Productivity},
  year   = 2015,
  note   = {Poster at \ESSPIf{}}
}

@Misc{ESS-poster-IDEAS-use-cases-2015,
  author = {David Moulton and Carl Steefel and Scott Painter 
            and Tim Scheibe and Reed Maxwell and Ethan Coon 
            and Glenn Hammond and Xiaofan Yang},
  title  = {Environmental Systems Science Use Cases Drive Requirements
            for Community-Based Software Development},
  year   = 2015,
  note   = {Poster at \ESSPIf{}}
}

% 2016: 5 posters and plenary session
%
% Heroux et al - overview
% Johnson et al - interoperability
% Steefel et al - benchmarking
% Painter et al - multi-dimensional
% Condon et al - CONUS

@preamble{ "\newcommand{\ESSPIs}{DOE Environmental Systems Science Annual 
           Principal Investigators Meeting, April 26-27, 2016, Potomac, MD}"}

@Misc{ESS-poster-IDEAS-overview-2016,
  author = {Michael A. Heroux and Lois Curfman McInnes 
            and David Bernholdt and Hans Johansen 
            and Tim Scheibe and Ulrike Yang and {the IDEAS team}},
  title  = {Interoperable Design of Extreme-scale Application Software
            {(IDEAS)}: Software Development Metholdologies that
            Enhance Scientific Productivity},
  year   = 2016,
  note   = {Poster at \ESSPIs{}}
}

@Misc{ESS-poster-IDEAS-interoperable-2016,
  author = {Jeffrey Johnson and Sergi Molins and Ethan Coon and Reed Maxwell},
  title  = {Interoperable software for integrated watershed scale models},
  year   = 2016,
  note   = {Poster at \ESSPIs{}}
}

@Misc{ESS-poster-IDEAS-UC1-benchmarking-2016,
  author = {Dipankar Dwivedi and Carl Steefel and Erica Woodburn and David Moulton
            and Ethan Coon and Lauren Foster and Reed Maxwell},
  title  = {Testing Code Interoperability and Productivity on Modeling
            Integrated Surface-Subsurface Water Flow and Biogeochemical 
            Cycling in the Hyporheic Zone -- {IDEAS} {U}se {C}ase 1},
  year   = 2016,
  note   = {Poster at \ESSPIs{}}
}

@Misc{ESS-poster-IDEAS-UC2-multidimensional-2016,
  author = {S. L. Painter and E. T. Coon and A. Jan and J. D. Moulton},
  title  = {A multiscale strategy for process-rich, microtopography-aware 
            simulations of soil thermal hydrology in polygonal tundra.},
  year   = 2016,
  note   = {Poster at \ESSPIs{}}
}

@Misc{ESS-poster-IDEAS-UC3-conus-2016,
  author = {L. E. Condon and I. E. M. de Graaf and R. M. Maxwell},
  title  = {Assessing groundwater surface water interactions using an integrated 
            hydrologic model of the Continental {U.S.}},
  year   = 2016,
  note   = {Poster at \ESSPIs{}}
}

@Misc{ESS-poster-PNNL-SFA-multiscale-2016,
  author = {T. D. Scheibe and X. Yang and X. Song and G. E. Hammond and X. Chen 
            and I. Battiato and S. Korneev and A. M. Tartakovsky
            and G. D. Tartakovsky and X. Yang and J. M. Zachara.},
  title  = {Hybrid multiscale Simulation of Hydro-Biogeochemical Processes 
            in the Groundwater-Surface Water Interaction Zone},
  year   = 2016,
  note   = {Poster at \ESSPIs{}}
}

% 2016: plenary session
%
% Curfman et al - overview
% Steefel et al - benchmarking
% Painter et al - multi-dimensional
% Maxwell 
% Moulton

@Misc{ESS-talk-IDEAS-overview-2016,
  author = {Lois Curfman McInnes},
  title  = {Interoperable Design of Extreme-scale Application Software (IDEAS)},
  year   = 2016,
  note   = {Invited talk at \ESSPIs{}}
}

@Misc{ESS-talk-IDEAS-UC1-benchmarking-2016,
  author = {Carl Steefel},
  title  = {Interoperability and Productivity in Modeling Watershed-Scale 
            Integrated Surface-Subsurface Water Flow and Biogeochemical Cycling},
  year   = 2016,
  note   = {Invited talk at \ESSPIs{}}
}

@Misc{ESS-talk-IDEAS-UC2-multidimensional-2016,
  author = {S. L. Painter},
  title  = {A Multiscale Strategy for Process-Rich, Microtopography-Aware Simulations 
            of Thermal Hydrology in Polygonal Tundra},
  year   = 2016,
  note   = {Invited talk at \ESSPIs{}}
}

@Misc{ESS-talk-IDEAS-UC3-conus-2016,
  author = {R. M. Maxwell},
  title  = {Towards a High Resolution, Integrated Hydrology Model of
            North America: Diagnosis of Feedbacks between Groundwater 
            and Land Energy Fluxes at Continental Scales},
  year   = 2016,
  note   = {Invited talk at \ESSPIs{}}
}

@Misc{ESS-talk-IDEAS-working-groups-2016,
  author = {J. D. Moulton},
  title  = {Realizing the Virtual Laboratory through Community
            Supported Cyberinfrastructure: Leveraging IDEAS and beyond},
  year   = 2016,
  note   = {Invited talk at \ESSPIs{}}
}

% CMWR 2016

@preamble{ "\newcommand{\CMWR}{XXI International Conference Computational Methods in Water Resources, CMWR 2016, Toronto, ON, Canada.}"}

@Misc{cmwr-multiscale-2016,
  author = {X. Yang and T. D. Scheibe},
  title  = {Hybrid multiscale simulation of hydrologic-biogeochemical
            processes in subsurface environments},
  year   = 2016,
  note   = {Presentation at the \CMWR{}}
}

@Misc{cmwr-interoperability-2016,
  author = {D. Moulton and E. Coon and J. Johnson and S. Molins and G. Hammond 
            and C. Steefel and S. Painter and M. Heroux and L. C. McInnes 
            and H. Johansen and D. Bernholdt},
  title  = {Interoperable Designs and Community Approaches to Software
            Productivity in Environmental Applications},
  year   = 2016,
  note   = {Presentation at the \CMWR{}}
}

% NGEE internal for Use Case 2

@Misc{ngee-arctic-all-hands-2015,
  author = {S. L. Painter and E. T. Coon},
  title  = {Use Case 2 of the {IDEAS} {P}roject},
  year   = 2015,
  note   = {Presentation at NGEE-Arctic All Hands Meeting, December 2015, San Francisco, CA}
}

@Misc{ngee-science-talk-april-2016,
  author = {S. L. Painter and E. T. Coon},
  title  = {Update on {IDEAS} {U}se {C}ase 2},
  year   = 2016,
  note   = {Presentation at NGEE-Arctic Science Talk, April 2016}
}

% International Soil Modeling Consortium

@Misc{ismc-multi-dimensional-2016,
  author = {S. L. Painter and E. T. Coon and A. Jan and J. D. Moulton},
  title  = {A multiscale strategy for process-rich, microtopography-aware 
            simulations of soil thermal hydrology in polygonal tundra.},
  year   = 2016,
  note   = {Presentation at the Austin International Conference on Soil Modeling,
            March 29 -- April 1, 2016,  Austin, Texas}
}

% OLCF Annual Users Meeting, 2015
@Misc{OLCF-poster-IDEAS-overview-2015,
  author = {Michael A. Heroux and Lois Curfman McInnes and David Bernholdt and Hans Johansen and Tim Scheibe and Ulrike Yang and Ross Bartlett and Sherry Li and Barry Smith and James Willenbring and {the IDEAS team}},
  title  = {Interoperable Design of Extreme-scale Application Software {(IDEAS)}: Software Development Metholdologies that Enhance Scientific Productivity},
  year   = 2015,
  note   = {Poster at OLCF Annual Users Meeting, June 23-27, 2015}  
}

@misc{olcf15-heroux,
  title  = "Next Generation Applications: Using a Productivity Focus",
  author = "Michael A. Heroux",
  note   = "Invited presentation at 2015 OLCF Annual User Meeting, June 23-35, 2015",
  year   = 2015
}


% ------ What Is and How To documents ------

@misc{ideas-whatis-testing,
  title  = {What are Software Testing Practices?},
  author = {Ulrike Yang and Roscoe Bartlett and Glenn Hammond and Xiaoye Li and Barry Smith and James M. Willenbring},
  note   = {IDEAS {\em WhatIs} document, version 0.2, April 25, 2016,
            available via \url{https://ideas-productivity.org/resources/howtos/}},
  year   = 2016
}

@misc{ideas-howto-testing,
  title  = {How to Add and Improve Testing in Your {CSE} Software Project},
  author = {Ulrike Yang and Roscoe Bartlett and Glenn Hammond and Xiaoye Li and Barry Smith and James M. Willenbring},
  note   = {IDEAS {\em HowTo} document, version 0.2, April 25, 2016,
            available via \url{https://ideas-productivity.org/resources/howtos/}},
  year   = 2016
}

@misc{ideas-whatis-cse-software-productivity,
  title  = {What Is {CSE} Software Productivity?},
  author = {Michael A. Heroux and Hans Johansen and David Bernholdt and Lois Curfman McInnes},
  note   = {IDEAS {\em WhatIs} document, version 0.2, April 25, 2016, 
            available via \url{https://ideas-productivity.org/resources/howtos/}},
  year   = 2016
}

@misc{ideas-whatis-testing-definitions,
  title  = {Definition and Categorization of Tests for {CSE} Software},
  author = {Roscoe Bartlett and Barry Smith and James M. Willenbring and Michael A. Heroux and Ulrike Yang},
  note   = {IDEAS {\em WhatIs} document, version 0.1, April 29, 2015,
            available via \url{https://ideas-productivity.org/resources/howtos/}},
  year   = 2015
}

@misc{ideas-whatis-software-configuration,
  title  = {What Is Software Configuration?},
  author = {Jason Sarich and Roscoe Bartlett and Todd Gamblin and Barry Smith},
  note   = {IDEAS {\em WhatIs} document, version 0.2, April 25, 2016,
            available via \url{https://ideas-productivity.org/resources/howtos/}},
  year   = 2016
}

@misc{ideas-howto-configure-software,
  title  = {How to Configure Software},
  author = {Jason Sarich and Roscoe Bartlett and Michael A. Heroux and Barry Smith and James M. Willenbring},
  note   = {IDEAS {\em HowTo} document, version 0.2, April 25, 2016,
            available via \url{https://ideas-productivity.org/resources/howtos/}},
  year   = 2016
}

@misc{ideas-what-are-interoperable-libraries,
  title  = {What Are Interoperable Software Libraries: Introducing the {xSDK}},
  author = {Lois Curfman McInnes and Michael A. Heroux and Xiaoye Li and Barry Smith and Ulrike Yang and {all xSDK developers}},
  note   = {IDEAS {\em WhatIs} document, version 0.2, April 25, 2016,
            available via \url{https://ideas-productivity.org/resources/howtos/}},
  year   = 2016
}

@misc{ideas-whatis-performance-portability,
  title  = {What Is Performance Portability for {CSE} Applications?},
  author = {Anshu Dubey and Todd Gamblin and Michael A. Heroux and Irina Demeshko and Barry Smith},
  note   = {IDEAS {\em WhatIs} document, version 0.2, April 25, 2016,
            available via \url{https://ideas-productivity.org/resources/howtos/}},
  year   = 2016
}

@misc{ideas-howto-performance-portability,
  title  = {How to Enable Performance Portability for {CSE} Applications},
  author = {Anshu Dubey and Ulrike Yang and Michael A. Heroux and Todd Gamblin and Irina Demeshko},
  note   = {IDEAS {\em HowTo} document, version 0.2, April 25, 2016,
            available via \url{https://ideas-productivity.org/resources/howtos/}},
  year   = 2016
}

@misc{ideas-whatis-good-documentation,
  title  = {What Is Good Documentation?},
  author = {Anshu Dubey and Roscoe Bartlett and Ulrike Yang and Ethan Coon},
  note   = {IDEAS {\em WhatIs} document, version 0.2, April 25, 2016,
            available via \url{https://ideas-productivity.org/resources/howtos/}},
  year   = 2016
}

@misc{ideas-howto-write-good-documentation,
  title  = {How to Write Good Documentation},
  author = {Anshu Dubey and Roscoe Bartlett and Barry Smith and Jeff Johnson},
  note   = {IDEAS {\em HowTo} document, version 0.2, April 25, 2016,
            available via \url{https://ideas-productivity.org/resources/howtos/}},
  year   = 2016
}

@misc{ideas-whatis-version-control,
  title  = {What Is Version Control?},
  author = {Roscoe Bartlett and James M. Willenbring and Todd Gamblin},
  note   = {IDEAS {\em WhatIs} document, version 0.2, April 25, 2016,
            available via \url{https://ideas-productivity.org/resources/howtos/}},
  year   = 2016
}

@misc{ideas-howto-version-control,
  title  = {How to Do Version Control with Git in your {CSE} Project},
  author = {Roscoe Bartlett and James M. Willenbring and Michael A. Heroux and Todd Gamblin},
  note   = {IDEAS {\em HowTo} document, version 0.2, April 25, 2016,
            available via \url{https://ideas-productivity.org/resources/howtos/}},
  year   = 2016
}

% ----- Other project documents ---

@misc{xsdk-common-configure,
  title  = {{xSDK} Standard {Configure and CMake} Options},
  author = {R. Bartlett and J. Sarich and B. Smith and T. Gamblin and {the xSDK team}},
  note   = {IDEAS {\em xSDK} document, version 0.1, November 2015, available via \url{https://ideas-productivity.org/resources/xsdk-docs/}, also see Appendix H of 2016 IDEAS progress report},
  year   = 2015
}  

@misc{xsdk-compliance,
  title  = {{xSDK} Compliance Standards},
  author = {B. Smith and R. Bartlett and {the xSDK team}},
  note   = {IDEAS {\em xSDK} document, version 0.2, January 2016, available via \url{https://ideas-productivity.org/resources/xsdk-docs/}, also see Appendix G of 2016 IDEAS progress report},
  year   = 2016
}  

@techreport{Klinvex-xSDKTrilinos,
  title = {{xSDKTrilinos} User Manual},
  author = {Alicia Marie Klinvex},
  year = 2016,
  number = {SAND2016-3396 O},
  institution = {Sandia}
}

@misc{repo:webinar-process,
  title  = {Producing a Webinar Series},
  author = {Osni Marques},
  note   = {Process for delivering webinars:  \url{https://bssw.io/items/producing-a-webinar-series}},
  year   = 2021
}  

% ------ ESS Workshop on Model-Data Integration ----

@preamble{ "\newcommand{\ESSWorkshop}{Environmental System Science {(ESS)} Workshop on Model-Data Integration,
          April 30 - May 1, 2015, Potomac, MD}"}

@misc{BER-ESS-workshop-2015,
  author = {David Moulton and Carl Steefel and Tim Scheibe and Roelof {Versteeg, Co-Organizers}},
  title  = {Environmental System Science {(ESS)} Workshop on Model-Data Integration:
            Modeling Frameworks, Data Management and Scientific Workflows},
  note   = {April 30 - May 1, 2015, Potomac, MD},
  year   = 2015
}

@misc{BER-ESS-workshop-report-2015,
  author = {{U.S. Department of Energy}},
  title  = {Building Cyberinfrastructure for Environmental System Science:
            Modeling Frameworks, Data Management and Scientific Workflows},
  note   = {Report on BER Workshop held April 30 -- May 1, 2015, Potomac, MD},
  url    = {http://www.doesbr.org/ESS-WorkingGroups/ESSWG_WorkshopReport-final.pdf},
  year   = 2015
}

@Misc{BER-ESS-workshop-use-cases,
  author = {David Moulton},
  title  = {Scientific Software Engineering and Productivity: {IDEAS} Project Overview and Use Cases},
  note   = {Presentation at \ESSWorkshop{}},
  year   = 2015
}

@Misc{BER-ESS-workshop-ideas-overview,
  author = {David Bernholdt and Lois Curfman McInnes and Hans Johansen},
  title  = {Software Engineering Tools and Methodologies for Community Code Development -- What Support can the {IDEAS} Project Provide?},
  note   = {Presentation at \ESSWorkshop{}},
  year   = 2015
}

% --- Misc ---

@misc{SC14-productivity-panel,
  title  = "{HPC} Productivity or Performance: Choose One",
  author = "William {Harrod, Organizer} and {Panelists Mike Heroux, Robert Wisnieski, William Gropp, Thomas Sterling, and Satoshi Matsuoka}",
  note   = "Panel at SC14, New Orleans, LA, November 16-21, 2014",
  year   = 2014
}

@inproceedings{WangEtAl-SEHPCS,
   author    = "Dali Wang and Wei Wu and Tommy Janjusic and Yang Xu and Colleen Iversen and Peter Thornton and Misha Krassovisk",
   title     = "Scientific Functional Testing Platform for Environmental Models: An Application to the {Community Land Model}", 
   booktitle = "International Workshop on Software Engineering for High Performance Computing in Science, 37th International Conference on Software Engineering, May 16-24, 2015, Florence, Italy",
  doi        = "10.1109/SE4HPCS.2015.10",
  year       = 2015
}

% Published prior to start of funding for Wang in IDEAS, so not listed in progress report
@article{WangEtAl-IJACSA14,
  author = "Dali Wang and Wei Wu and Frank Winkler and Wei Ding and Oscar Hernandez", 
  title = "A Feasibility Study on Porting the Community Land Model onto Accelerators using {OpenACC}", 
  journal = "International Journal of Advanced Computer Science and Applications (IJACSA)", 
  volume = 5,
  number = 12, 
  year = 2014,
  doi = "http://dx.doi.org/10.14569/IJACSA.2014.051203"
}

@misc{MahadevanEtAl-multiscale-iccs2016,
  author = "V. Mahadevan and M. Thomas and S. Colby",
  title = "A Review of Multiscale Coupling Tools to Improve Scientific Productivity",
  note = "Abstract accepted for presentation at the 13$^{th}$ International Workshop on Multiscale Modelling and Simulation, in conjunction with the International Conference on Computational Science (ICCS), June 6-8, 2016, San Diego, CA",
}

@misc{MahadevanEtAl-coupling-survey2016,
  author = "V. Mahadevan and S. Colby and M. Thomas",
  title = "A Review of Multiscale Coupling Tools to Improve Scientific Productivity",
  note = "Document in preparation"
}

@misc{McInnesEtAl-BER-exascale2016,
  author = "L. C. McInnes and J. D. Moulton and M. Heroux and D. Bernholdt and H. Johansen",
  title = "Enhanced Software Productivity to Deliver {BER} Science at Exascale", 
  note = "whitepaper submitted to the Exascale Requirements Review for Biological and Environmental Research, 
          Rockville, MD, March 29-30, 2016"
}

% chapters in upcoming book, SE for Science

@misc{BartlettEtAl-testing-chapter2016,
  author = "R. Bartlett and A. Dubey and S. Li and J. D. Moulton and J. Willenbring and U. Yang",
  title = "The Role of Automated Testing in Scientific Software: Impacts on Research Credibility, Development Productivity, Maturation, and Sustainability", 
  note = "chapter accepted for publication in the upcoming book on {\em Software Engineering for Science}, editors J. Carver, H. C. Hong, and G. Thiruvathukal",
  year = 2016
}

@misc{DubeyEtAl-multiphysics-chapter2016,
  author = "A. Dubey and K. Antypas and E. Coon and K. Riley", 
  title = "Software Process for Multicomponent Multiphysics Codes", 
  note = "chapter accepted for publication in the upcoming book on {\em Software Engineering for Science}, editors J. Carver, H. C. Hong, and G. Thiruvathukal",
  year = 2016
}

@misc{BalayEtAl-mixed-language-chapter2016,
  author = "S. Balay and J. Brown and M. Knepley and L. C. McInnes and B. Smith",
  title = "Providing Mixed-Language and Legacy Support within a Library: Experiences of Developing {PETSc}",
  note = "chapter accepted for publication in the upcoming book on {\em Software Engineering for Science}, editors J. Carver, H. C. Hong, and G. Thiruvathukal",
  year = 2016
}
  
@misc{WangEtAl-testing-chapter2016,
  author = "Dali Wang and Zhou Yao and Frank Winkler",
  title = "Building a Function Testing Platform for Complex Scientific
                  Computing Code",
  note = "chapter accepted for publication in the upcoming book on {\em Software Engineering for Science}, editors J. Carver, H. C. Hong, and G. Thiruvathukal",
  year = 2016
}
  
@inproceedings{DubeyGraves2016,
  author = "A. Dubey and D. Graves", 
  title = "A Design Proposal for a Next Generation Scientific Software Framework", 
  booktitle = "Proceedings of HeteroPar'2015 Workshop, Vienna, Austria",
  month = "August",
  year = "2015"
}


@inproceedings{gamblin+:sc15,
Acceptancerate = {22\%},
Address = {Austin, Texas},
Author = {Todd Gamblin and Matthew P. LeGendre and Michael R. Collette and Gregory L. Lee and Adam Moody and Bronis R. de Supinski and W. Scott Futral},
Booktitle = {Supercomputing 2015 (SC'15)},
Date-Added = {2015-06-28 22:46:34 +0000},
Date-Modified = {2015-10-12 16:12:11 +0000},
Month = {November 15-20},
Note = {LLNL-CONF-669890},
Title = {{The Spack Package Manager: Bringing order to HPC software chaos}},
Url = {http://tgamblin.github.io/pubs/spack-sc15.pdf},
Year = {2015}}

@Misc{abb:2016:ideas,
  author =       {David E. Bernholdt and Oscar R. Hernandez},
  title =        {An Overview of the {IDEAS} Software Productivity Project},
  howpublished = {seminar, ABB Corporate Research, Raleigh, North Carolina},
  month =        {May 2,},
  year =         2016,
}

@Misc{sanibel:2016:planning,
  author =       {David E. Bernholdt},
  title =        {Planning for Change: Designing Large-Scale Software
                  Systems for Emerging {HPC} Environments},
  howpublished = {plenary talk, 56th Sanibel Symposium, St. Simons Island, Geor\
gia, USA},
  month =        {February 14--19},
  year =         2016,
}

@Misc{jift:2015:progenv,
  author =       {David E. Bernholdt},
  title =        {Programming Environment and Software Engineering at
                  Extreme Scale},
  howpublished = {invited talk, US-Japan Joint Institute for Fusion
                  Theory Workshop on Innovations and Co-Design of
                  Fusion Simulations Towards Extreme Scale Computing,
                  Nagoya, Japan},
  month =        {August 20--21},
  year =         2015,
}

                  

@InProceedings{Yao:2016:SDI,
  author = "Zhuo Yao and Yulu Jia and Dali Wang and Chad Steed and Scott Atchley",
  title = "In Situ Data Infrastructure for Scientific Unit Testing Platform",
  booktitle = {Proceedings of the 13$^{th}$ International Workshop
                  on Multiscale Modelling and Simulation, in
                  conjunction with the International Conference on
                  Computational Science (ICCS), June 6-8, 2016, San
                  Diego, CA},
  year = 	 2016,
  note = 	 {in press}}


@misc{DubeyEtAl-GeantV-whitepaper2016,
  title = "Enhanced Software Productivity for Next-Generation {Geant} Science: A Proposed {ASCR/HEP} Collaboration",
  author = "Anshu Dubey and Lois Curfman McInnes and Philippe Canal and Daniel Elvira and Salman Habib and Robert Roser",
  note = "whitepaper submitted to DOE in April 2016, currently under revision"
}

@misc{SIAM-CSE-report-draft2015,
  title = "Future Directions in {CSE} Education and Research",
  author = "Ulrich Ruede and Karen Willcox and Lois Curfman McInnes and Hans De Sterck and Omar Ghattas and David E. Keyes and others",
  note = "Draft report led by SIAM Activity Group on Computational Science and Engineering, presented at SIAM CSE15 Conference, March 2015, currently under revision to incorporate community feedback"
}

@misc{Dubey-webinar2016,
  title = "What All Codes Should Do: Overview of Best Practices in {HPC} Software Development",
  author = "Anshu Dubey",
  note = "Presentation on May 4, 2016, Webinar Series on Best Practices for HPC Software Developers, jointly organized by ALCF, IDEAS, NERSC, and OLCF"
}

@misc{Smith-webinar2016,
  title = "Developing, Configuring, Building, and Deploying {HPC} Software",
  author = "Barry Smith",
  note = "Presentation on May 18, 2016, Webinar Series on Best Practices for HPC Software Developers, jointly organized by ALCF, IDEAS, NERSC, and OLCF"
}

@Misc{BPHTE18-HPC-BP,
  author =       {Osni A. Marques and David E. Bernholdt and Elaine M. Raybourn and Ashley D. Barker and Rebecca J. Hartman-Baker},
  title =        "{The HPC Best Practices Webinar Series}",
  note = {Fifth SC Workshop on Best Practices for HPC Training and Education (BPHTE18), SC18},
  howpublished = {\url{https://figshare.com/s/01feff6c31d391886a90}},
  year = 2018
}

@misc{bssw-tutorial-sc19,
  author =       {David E. Bernholdt and Anshu Dubey and Michael Heroux and Jared O'Neal},
  title =        "{SC19 Tutorial: Better Scientific Software}",
  howpublished = {\url{https://doi.org/10.6084/m9.figshare.10114880}},
  year = 2019
}

@misc{raybourn-moulton-hungerford2019,
  author = "E. M. Raybourn and J. D. Moulton and A. Hungerford",
  title = {Scaling Productivity and Innovation on the Path to Exascale with a "Team of Teams" Approach},
  note = "in: F. F.-H. Nah and K. Siau (Eds.): HCI in Business, Government and Organizations. Information Systems and Analytics. HCII 2019. Lecture Notes in Computer Science, vol 11589, \url{https://doi.org/10.1007/978-3-030-22338-0_33}",
  year = 2019
}
  
@Misc{NITRD,
  title ="{The Networking and Information Technology Research and Development (NITRD) Program}",
  key = {NITRD},
  howpublished="\url{https://www.nitrd.gov}"
}

@inproceedings{oneal-weide-dubey2018,
   author = {Jared O’Neal and Klaus Weide and Anshu Dubey},
   title = {Experience report: refactoring the mesh interface in {FLASH}, a multiphysics software},
   year = 2018,
   booktitle = {2018 IEEE 14th International Conference on e-Science},
}


@misc{repo:sdk-tools,
  title  = {{SDK-Tools} repository},
  key  = {SDK-Tools repository},
  note   = {\url{https://github.com/betterscientificsoftware/SDK-Tools}},
  year   = 2020
}  

@misc{repo:trust-tools,
  title  = {{Trust-Tools} repository},
  key  = {Trust-Tools repository},
  note   = {\url{https://github.com/betterscientificsoftware/Trust-Tools}},
  year   = 2020
}  

@misc{psip-web,
  title  = {{Productivity and Sustainability Improvement Planning (PSIP)}},
  key    = {Productivity and Sustainability Improvement Planning (PSIP)},
  note   = {\url{https://bssw.io/psip}},
  year   = 2020
}  

@misc{McInnesKatzLathropSIAMNews2019,
  author = {Lois Curfman McInnes and Daniel S. Katz and Scott Lathrop},
  title = {Computational Research Software: Challenges and Community Organizations Working for Culture Change},
  note = {SIAM News, December 2019, {\small 
\url{https://sinews.siam.org/Details-Page/computational-research-software-challenges-and-community-organizations-working-for-culture-change}}},
}
@misc{NYT-repro, 
	author={Benedict Carey},
	title = {Many Psychology Findings Not as Strong as Claimed, Study Says},
	note = {New York Times, August 27, 2015, {\small 
\url{https://www.nytimes.com/2015/08/28/science/many-social-science-findings-not-as-strong-as-claimed-study-says.html}}}}
  
  @misc{ACM-badges,
  author={{ACM Publications Board}},
 title = {Artifact Review and Badging},
note = {Association for Computing Machinery, April 2018, {% \small 
\url{https://www.acm.org/publications/policies/artifact-review-badging}}}}

@misc{SC-repro,
author={{SC19 Reproducibility Committee}},
title = {Reproducibility Initiative},
note={SC19, {\small
\url{https://sc19.supercomputing.org/submit/reproducibility-initiative/}}}}
  
@misc{Supercooled-water,
	author={Ashley G. Smart},
	title = {The War Over Supercooled Water: How a hidden coding error fueled a seven-year dispute between two of condensed matter's top theorists.},
	note={Physics Today, August 22, 2018, {% \small
	\url{https://physicstoday.scitation.org/do/10.1063/PT.6.1.20180822a/full/}}}}

  @article{10.1145/2743015,
	author = {Heroux, Michael A.},
	title = {Editorial: {ACM TOMS} Replicated Computational Results Initiative},
	year = {2015},
	issue_date = {June 2015},
	publisher = {Association for Computing Machinery},
	address = {New York, NY, USA},
	volume = {41},
	number = {3},
	issn = {0098-3500},
	url = {https://doi.org/10.1145/2743015},
	doi = {10.1145/2743015},
	journal = {ACM Trans. Math. Softw.},
	month = jun,
	articleno = {Article 13},
	numpages = {5},
	keywords = {reproducibility, publication, Replicated computational results, validation}
}

@article{TrustMeQED,
	author = {Heroux, Michael A.},
	title = {{Trust Me. QED.}},
	publisher = {{Society for Industrial and Applied Mathematics}},
	journal = {{SIAM News}},
	date = {July 1, 2019},
	volume = {52},
	number = {6},
	year = {2019},
	url = {https://sinews.siam.org/Details-Page/trust-me-qed},
        note = {{\url{https://sinews.siam.org/Details-Page/trust-me-qed}}},
}

@inproceedings{10.1007/978-3-031-05544-7_30,
author = {Raybourn, Elaine M.},
title = {Strategies for Working Remotely: Responding to Pandemic-Driven Change with Cross-Organizational Community Dialog},
year = {2022},
isbn = {978-3-031-05543-0},
publisher = {Springer-Verlag},
address = {Berlin, Heidelberg},
url = {https://doi.org/10.1007/978-3-031-05544-7_30},
doi = {10.1007/978-3-031-05544-7_30},
booktitle = {HCI in Business, Government and Organizations: 9th International Conference, HCIBGO 2022, Held as Part of the 24th HCI International Conference, HCII 2022, Virtual Event, June 26 – July 1, 2022, Proceedings},
pages = {407–416},
numpages = {10},
keywords = {Community dialog, Computer supported cooperative work, Computer mediated communication, Remote work, COVID-19}
}
 
@inproceedings{10.1007/978-3-030-22338-0_39,
author = {Raybourn, Elaine M. and Moulton, J. David and Hungerford, Aimee},
title = {Scaling Productivity and Innovation on the Path to Exascale with a “Team of Teams” Approach},
year = {2019},
isbn = {978-3-030-22337-3},
publisher = {Springer-Verlag},
address = {Berlin, Heidelberg},
url = {https://doi.org/10.1007/978-3-030-22338-0_39},
doi = {10.1007/978-3-030-22338-0_39},
booktitle = {HCI in Business, Government and Organizations. Information Systems and Analytics: 6th International Conference, HCIBGO 2019, Held as Part of the 21st HCI International Conference, HCII 2019, Orlando, FL, USA, July 26-31, 2019, Proceedings, Part II},
pages = {C1},
location = {Orlando, FL, USA}
}
 
@misc{osti_1884442,
title = {Automating Software Productivity Planning: Lightweight Tools for Upgrading Team Practices},
author = {Raybourn, Elaine M. and Watson, Greg and Gonsiorowski, Elsa and Milewicz, Reed and Rogers, David M. and Sims, Benjamin and Willenbring, James},
note = {\url{https://www.osti.gov/biblio/1884442}}, 
year = {2021},
}

@article{osti_1881691,
title = {A Data-driven Approach to Rethinking Open Source Software Organizations as a Team of Teams},
author = {Raybourn, Elaine M. and Milewicz, Reed and Rogers, David M. and Sims, Benjamin and Watson, Greg and Gonsiorowski, Elsa and Willenbring, James},
note = {\url{https://www.osti.gov/biblio/1881691}}, 
year = {2021},
}
