
@misc{ascac-workforce2014,
   author = {B. Chapman and H. Calandra and S. Crivelli and J. Dongarra and J. Hittinger and S. Lathrop and V. Sarkar and E. Stahlberg and J. Vetter and D. Williams}, 
   title = {{DOE Advanced Scientific Advisory Committee (ASCAC): Workforce Subcommittee Letter}}, 
   year = 2014, 
   howpublished = {\url{https://dx.doi.org/10.2172/1222711}}
}
 
@misc{demographics-doe-labs,
   title = {{Diversity demographics of the 17 DOE National Laboratories}}, 
   author = {{National Laboratory Directorsâ€™ Council}},
   howpublished = {\url{https://nationallabs.org/staff/diversity}}, 
   year = 2022
}

@misc{trajectories-women-of-color-in-tech2022,
  title = {Transforming Trajectories for Women of Color in Tech},
  author = {Evelynn Hammonds and Valerie Taylor and Rebekah Hutton, Editors},
  note = {National Academies of Sciences, Engineering, and Medicine, Washington, DC: The National Academies Press},
  year = 2022,
  howpublished = {\url{https://doi.org/10.17226/26345}}
}

@misc{nstc2019,
   author = {{National Science \& Technology Council}}, 
   title = {{National Strategic Computing Initiative Update: Pioneering the Future of Computing}}, 
   year = 2019, 
   howpublished = {\url{https://www.nitrd.gov/pubs/National-Strategic-Computing-Initiative-Update-2019.pdf}}
}

 @misc{arafune2020,
    author = {Lisa Arafune et al.},
    title = {{CI Workforce Development Workshop 2020}},
    howpublished = {\url{https://www.rcac.purdue.edu/ciworkforce2020}}
}

@misc{nstc2020,
   author = {{National Science \& Technology Council}},
   title = {{Pioneering the Future Advanced Computing Ecosystem: A Strategic Plan}}, 
   year = 2020, 
   howpublished = {\url{https://www.nitrd.gov/pubs/Future-Advanced-Computing-Ecosystem-Strategic-Plan-Nov-2020.pdf}}
}
   
@misc{nsf-blueprint2021,
   author = {Office of Advanced Cyberinfrastructure, CISE, NSF},
   title = {{Transforming Science Through Cyberinfrastructure: NSF's Blueprint for a National Cyberinfrastructure Ecosystem for Science and Engineering in the 21st Century: Blueprint for Cyberinfrastructure Learning and Workforce Development}}, 
   year = 2021, 
   howpublished = {\url{https://www.nsf.gov/cise/oac/vision/blueprint-2019/CI-LWD.pdf}}
}

@misc{sssdu-workshop-website2021,
  key = {The Science of Scientific-Software Development and Use: Workshop Website},
  title = {{The Science of Scientific-Software Development and Use: Workshop Website}},
  howpublished = {\url{https://www.orau.gov/SSSDU2021}},
  year = 2021
}

@misc{sssdu-workshop-brochure2022,
  title        = {{The Science of Scientific-Software Development and Use}},
  author       = {Bernholdt, David E. and Cary, John and Heroux, Michael and McInnes, Lois Curfman},
  howpublished = {Brochure from the ASCR basic research needs workshop, \url{https://doi.org/10.2172/1846008}},
  doi          = {10.2172/1846008},
  url          = {https://doi.org/10.2172/1846008},
  year         = {2022},
}

@techreport{sssdu-workshop-report2022-preliminary,
  author      = "Bernholdt, David E. and Cary, John and Heroux, Michael and McInnes, Lois Curfman and Daniel S. Katz and Elaine M. Raybourn and Damian Rouson and others",
  title       = "{The Science of Scientific-Software Development and Use}",
  institution = "U.S.~Department of Energy",
  year        = "2023",
  type        = "Workshop report",
  note        = "to be published at \url{https://doi.org/10.2172/1846009} (in preparation)",
}
@misc{ecp-broadening-participation-website2022,
  key = {ECP Broadening Participation Initiative},
  title = {{ECP Broadening Participation Initiative}},
  howpublished = {\url{https://www.exascaleproject.org/hpc-workforce}},
}

@misc{GodoyEtAl-CiSE2022,
   author = {William F. Godoy and Ritu Arora and Keith Beattie and David E. Bernholdt and Sarah E. Bratt and Daniel S. Katz and Ignacio Laguna and Amiya K. Maji and Addi Malviya Thakur and Rafael M. Mudafort and Nitin Sukhija and Damian Rouson and Cindy Rubio-Gonzalez and Karan Vahi}, 
   title = {Giving {RSEs} a Larger Stage through the {Better Scientific Software Fellowship}},
   note = {Submission to IEEE CiSE},
   howpublished = {\url{https://arxiv.org/pdf/2211.07436.pdf}},
   year = 2022
}

 @misc{Rani-Li-SHI-article2022,
   title = {Breaking Barriers and Accelerating Particles}, 
   author = {{Sustainable Horizons Institute}},
   howpublished = {\url{https://shinstitute.org/breaking-barriers-and-accelerating-particles}},
   year = 2022
 }

@misc{Sochat-llnl-article2021,
  title = {{Vanessa Sochat} is building research software and open-source engagement},
  year = 2021,
  author = {{LLNL Computing}},
  howpublished = {\url{https://computing.llnl.gov/about/people-highlights/vanessa-sochat}}
}

@misc{ideas-ecp-project-website,
  key = {IDEAS-ECP Project},
  title = {{IDEAS-ECP Project Website}},
  howpublished = {\url{https://ideas-productivity.org/ideas-ecp}},
}

@misc{shi-website,
  author = {Mary Ann Leung},
  title = {{Sustainable Horizons Institute}},
  howpublished = {\url{https://shinstitute.org}},
  year = 2022
}

@misc{SRP-2019,
   author = {M. A. Leung and S. Crivelli and D. Brown}, title = {{Sustainable Research Pathways}: Building Connections across Communities to Diversify the National Laboratory Workforce},
   note = {Collaborative Network for Engineering and Computing Diversity (CoNECD), Washington, D.C.},
   year = 2019
}
 
@misc{Leung2018,
   author = {M. A. Leung}, 
   title = {Broadening Engagement by Extending the Classroom to Conferences},
   note = {Society of Industrial and Applied Mathematics Education Conference, Portland, OR},
   year = 2018
}

@article{WhitneyTaylor2018,
   author = {T. Whitney and V. Taylor}, 
   title = {Increasing Women and Underrepresented Minorities in Computing: The Landscape and What You Can Do}, 
   journal = {Computer}, 
   volume = 51, 
   number = 10, 
   pages = {24--31}, 
   year = 2018, 
   howpublished = {\doi{10.1109/MC.2018.3971359}}
}

@misc{BestPracticesInclusion2021,
   author = {{National Science and Technology Council}},
   title = {{Best Practices for Diversity and Inclusion in STEM Education and Research: A Guide by and for Federal Agencies}},
   year = 2021, 
   howpublished = {\url{https://www.whitehouse.gov/wp-content/uploads/2021/09/091621-Best-Practices-for-Diversity-Inclusion-in-STEM.pdf}}
}
