@INPROCEEDINGS{9460670,
  author={Loe, Jennifer A. and Glusa, Christian A. and Yamazaki, Ichitaro and Boman, Erik G. and Rajamanickam, Sivasankaran},
  booktitle={2021 IEEE International Parallel and Distributed Processing Symposium Workshops (IPDPSW)}, 
  title={Experimental Evaluation of Multiprecision Strategies for {GMRES} on {GPUs}}, 
  year={2021},
  volume={},
  number={},
  pages={469-478},
  doi={10.1109/IPDPSW52791.2021.00078}}
 
@article{higham_mary_2022, 
        title={Mixed precision algorithms in numerical linear algebra}, 
        volume={31}, 
        DOI={10.1017/S0962492922000022}, 
        journal={Acta Numerica}, 
        publisher={Cambridge University Press}, 
        author={Higham, Nicholas J. and Mary, Theo}, 
        year={2022}, 
        pages={347â€“414}
}
 
@INPROCEEDINGS{9820637,
  author={Yamazaki, Ichitaro and Carson, Erin and Kelley, Brian},
  booktitle={2022 IEEE International Parallel and Distributed Processing Symposium (IPDPS)}, 
  title={Mixed Precision $s$-step Conjugate Gradient with Residual Replacement on {GPUs}}, 
  year={2022},
  volume={},
  number={},
  pages={886-896},
  doi={10.1109/IPDPS53621.2022.00091}}
 
@ARTICLE{9462418,
  author={Lindquist, Neil and Luszczek, Piotr and Dongarra, Jack},
  journal={IEEE Transactions on Parallel and Distributed Systems}, 
  title={Accelerating Restarted {GMRES} With Mixed Precision Arithmetic}, 
  year={2022},
  volume={33},
  number={4},
  pages={1027-1037},
  doi={10.1109/TPDS.2021.3090757}}
 
 
@article{10.1145/3441850, 
        author = {Flegar, Goran and Anzt, Hartwig and Cojean, Terry and Quintana-Ort\'{\i}, Enrique S.}, 
        title = {Adaptive Precision Block-{J}acobi for High Performance Preconditioning in the {G}inkgo Linear Algebra Software},  
        year = {2021}, 
        issue_date = {June 2021}, 
        publisher = {Association for Computing Machinery}, 
        address = {New York, NY, USA}, 
        volume = {47}, 
        number = {2}, 
        issn = {0098-3500}, 
        journal = {Proceedings of ISC High Performance},
        url = {https://doi.org/10.1145/3441850}, 
        doi = {10.1145/3441850}
} 
 
@article{doi:10.1137/20M1316822, 
        author = {Carson, Erin and Higham, Nicholas J. and Pranesh, Srikara}, 
        title = {Three-Precision {GMRES}-Based Iterative Refinement for Least Squares Problems}, 
        journal = {SIAM Journal on Scientific Computing}, 
        volume = {42}, 
        number = {6}, 
        pages = {A4063-A4083}, 
        year = {2020}, 
        doi = {10.1137/20M1316822}, 
        URL = {https://doi.org/10.1137/20M1316822}, 
        eprint = {https://doi.org/10.1137/20M1316822} 
}   
 
@article{abdelfattah2021survey,
  title={A survey of numerical linear algebra methods utilizing mixed-precision arithmetic},
  author={Abdelfattah, Ahmad and Anzt, Hartwig and Boman, Erik G and Carson, Erin and Cojean, Terry and Dongarra, Jack and Fox, Alyson and Gates, Mark and Higham, Nicholas J and Li, Xiaoye S and others},
  journal={The International Journal of High Performance Computing Applications},
  volume={35},
  number={4},
  pages={344--369},
  year={2021},
  publisher={SAGE Publications Sage UK: London, England}
}
 
@inproceedings{anzt2018residual,
  title={Residual replacement in mixed-precision iterative refinement for sparse linear systems},
  author={Anzt, Hartwig and Flegar, Goran and Novakovi{\'c}, Vedran and Quintana-Ort{\'\i}, Enrique S and Tom{\'a}s, Andr{\'e}s E},
  booktitle={International Conference on High Performance Computing},
  pages={554--561},
  year={2018},
  organization={Springer, Cham}
}
 
@inproceedings{gobel2021mixed,
  title={Mixed precision incomplete and factorized sparse approximate inverse preconditioning on {GPUs}},
  author={G{\"o}bel, Fritz and Gr{\"u}tzmacher, Thomas and Ribizel, Tobias and Anzt, Hartwig},
  booktitle={European Conference on Parallel Processing},
  pages={550--564},
  year={2021},
  organization={Springer, Cham}
}
 
 
@techreport{abdelfattah2021advances,
  title={Advances in Mixed Precision Algorithms: 2021 Edition},
  author={Abdelfattah, Ahmad and Anzt, Hartwig and Ayala, Alan and Boman, Erik and Carson, Erin and Cayrols, Sebastien and Cojean, Terry and Dongarra, Jack and Falgout, Rob and Gates, Mark and others},
  year={2021},
  institution={Lawrence Livermore National Lab. (LLNL), Livermore, CA (United States)}
}
 
 
 
@techreport{anzt2021towards,
  title={Towards Use of Mixed Precision in {ECP} Math Libraries},
  author={Anzt, Hartwig and Boman, Eric G and Gates, Marj and Kruger, Scott and Li, Sherry and Loe, Jennifer and Osei-Kuffuor, Daniel and Tomov, Stan and Tsai, Yaohung M. and Yang, Ulrike Meier},
  year={2021},
  institution={Lawrence Livermore National Lab. (LLNL), Livermore, CA (United States)}
}
 @misc{ASCAC_Report,
	howpublished = {\url{https://science.osti.gov/-/media/ascr/ascac/pdf/meetings/202004/Transition_Report_202004-ASCAC.pdf}},
	key = {Transitioning {ASCR} after {ECP}},
	title = {{Transitioning {ASCR} after {ECP}}},
  year = 2020,
  author = {R. Giles et. al.}}

@ARTICLE{9782139,
  author={Balos, Cody J. and Luszczek, Piotr and Osborn, Sarah and Willenbring, James and Yang, Ulrike M.},
  journal={Computing in Science and Engineering},
  title={Challenges of and Opportunities for a Large Diverse Software Team},
  year={2022},
  volume={24},
  number={3},
  pages={16-24},
  doi={10.1109/MCSE.2022.3172873}}

@unpublished{SustainableTestingStrategy,
title = {A Testing Strategy that Supports Scientific Software Sustainability},
author = {Willenbring, James},
note = {ASCR Workshop on Scientific Software},

year = {2021},
month = {11}
}
@unpublished{SDK1,
title = {Software Development Kits},
author = {Willenbring, James},
note = {2021 ECP Annual Meeting},
place = {Virtual},
year = {2021},
month = {4}
}

@unpublished{JWCI2021,
title = {Continuous Integration},
author = {Willenbring, James Michael},
note = {2021 ECP Annual Meeting},
place = {Virtual},
year = {2021},
month = {4}
}
@unpublished{SDK2,
title = {ECP Software Technologies: Software Development Kits (SDKs)},
author = {Willenbring, James Michael},
note = {2019 CIS ERB Review},
place = {Albuquerque, NM, United States},
year = {2019},
month = {8}
}
@unpublished{LayersOfSustainability,
title = {The Layers of CSE Software Sustainability},
author = {Willenbring, James Michael},
note = {2019 Collegeville Workshop on Sustainable Scientific Software},
url = {https://collegeville.github.io/CW3S19/WorkshopResources/WhitePapers/CSEswSustainabilityLayers.pdf},
place = {Collegeville, MN, United States},
year = {2019},
month = {7}
}

 

@unpublished{SDK3,
title = {Software Development Kits: A Software Integration Strategy for CSE},
author = {Willenbring, James Michael},
note = {SIAM CSE19},
url = {https://www.pathlms.com/siam/courses/10878/sections/14362/video_presentations/127520#},
place = {Spokane, Washington, United States},
year = {2019},
month = {2}
}

@unpublished{SDK4,
title = {ECP Software Technologies Software Development Kits (SDKs)},
author = {Willenbring, James Michael and Heroux, Michael A. and McInnes, Lois},
note = {2019 ECP Annual Meeting},
place = {Houston, TX, United States},
year = {2019},
month = {1}
}

@article{xSDKFoundations,
title={xSDK Foundations: Toward an Extreme-scale Scientific Software Development Kit},
volume={4},
url={https://superfri.org/index.php/superfri/article/view/127},
DOI={10.14529/jsfi170104},
number={1},
journal={Supercomputing Frontiers and Innovations},
author={Bartlett, Roscoe and Demeshko, Irina and Gamblin, Todd and Hammond, Glenn and Heroux, Michael Allen and Johnson, Jeffrey and Klinvex, Alicia and Li, Xiaoye and McInnes, Lois Curfman and Moulton, J. David and Osei-Kuffuor, Daniel and Sarich, Jason and Smith, Barry and Willenbring, James and Yang, Ulrike Meier},
year={2017},
month={Feb.},
pages={69--82} }

@unpublished{E4S21ECPAM,
title = {E4S: Extreme-Scale Scientific Software Stack},
author = {Willenbring, James and Shende, Sameer},
note = {2021 ECP Annual Meeting},
place = {virtual},
year = {2021},
month = {4}
}

@unpublished{E4S-Team-of-Teams,
title = {Team of Teams - E4S: Who's on your Team?},
author = {Willenbring, James Michael},
note = {2021 ECP Annual Meeting},
place = {virtual},
year = {2021},
month = {4}
}

@unpublished{TieredTesting,
title = {The Tiered Testing Approach to Software Quality Assurance at Exascale and Beyond},
author = {Haines, Tim and Adamson, Ryan, and Willenbring, James},
note = {2021 ECP Community BOF days},
place = {Virtual},
year = {2019},
month = {1}
}

@misc{exaworksdashboard,
title = {exaworks testing dashboard},
url={https://testing.exaworks.org/summary.html}}

@misc{e4sdashboard,
title = {E4S Dashboard},
url = {https://dashboard.e4s.io/}} 

@misc{e4stestsuite,
title = {E4S Valdiation Test Suite},
url = {https://github.com/E4S-Project/testsuite}}

@misc{CAT-SDK,
title = {The Code Analysis and mining Tools SDK website},
url = {https://cat-sdk.github.io/}}

@misc{e4sbuildcache,
title = {E4S Spack Build Cache},
url = {https://oaciss.uoregon.edu/e4s/inventory.html}}

@misc{davspackpackage,
title = {Data and Vis Spack Package},
url = {https://github.com/spack/spack/tree/develop/var/spack/repos/builtin/packages/ecp-data-vis-sdk}}

@unpublished{tug22,
title = {Spack-CM},
author = {Frye, Joe},
note = {2022 Trilinos User-Developer Group Meeting},
place = {Albuquerque, NM, United States},
year = {2022},
month = {10},
url = {https://trilinos.github.io/trilinos_user-developer_group_meeting_2022.html}}



@article{yang2021xsdk,
  title={{xSDK}: Building an ecosystem of highly efficient math libraries for exascale},
  author={U. M. Yang and L. C. McInnes},
  journal={SIAM News},
  volume={54},
  number={1},
  pages={8-9},
  year={2021}
}

@misc{yang2019building,
  title={Building Community through Software Policies},
  author={P. Luszczek and U. Yang},
  howpublished={BSSw blog article, August 2019, \url{https://bssw.io/blog_posts/building-community-through-software-policies}},
}

@inproceedings{yang2020elements,
  title={Elements of an Effective Ecosystem of Math Libraries for Exascale},
  author={U. Yang},
  booktitle={Second Joint SIAM/CAIMS Annual Meeting (AN20)},
  year={2020},
  url={https://www.siam.org/meetings/an20/}
}

@inproceedings{yang2022xsdk,
  title={xSDK: an Ecosystem of Interoperable Independently Developed Math Libraries},
  author={U. Yang},
  booktitle={1st MarDI Workshop on Scientific Computing},
  year={2022},
  address={Muenster, Germany}
}

@inproceedings{yang2022performance,
  title={Performance Portability in the Extreme-scale Scientific Software Kit},
  author={U. M. Yang},
  booktitle={ECCOMAS 2022},
  year={2022},
  address={Oslo, Norway}
}

@inproceedings{yang2020building,
  title={Building an Effective Ecosystem of Math Libraries for Exascale},
  author={U. M. Yang},
  booktitle={E4S Workshop, EuroMPI/US'20},
  year={2020},
  url={https://www.euro-mpi.org/2020/}
}

@inproceedings{yang2020xsdk,
  title={{xSDK}: a Community of Diverse {HPC} Software Packages},
  author={U. M. Yang},
  booktitle={The First Extreme-scale Scientific Software Forum (E4S Forum), IEEE Cluster 2019},
  year={2019},
  address={Albuquerque NM}
}

@inproceedings{yang2019xsdk,
  title={{xSDK}: a Community of Diverse Numerical {HPC} Software Packages},
  author={U. Yang},
  booktitle={Final SPPEXA Symposium},
  year={2019},
  address={Dresden, Germany}
}

@inproceedings{yang2019foundations,
  title={{xSDK}: Foundations of a Numerical Software Ecosystem for High-performance {CSE}},
  author={U. M. Yang},
  booktitle={SIAM CSE 2019},
  year={2019},
  address={Spokane}
}

@inproceedings{teranishi2020programming,
  title={Programming Environments for Exascale Computing -- Ecosystem Perspectives},
  author={K. Teranishi and U. Yang and J. Willenbring},
  booktitle={SIAM Conference on Computational Science and Engineering (SIAM CSE21)},
  year={2020},
  url={https://www.siam.org/conferences/cm/cse20/}
}

@inproceedings{yang2020extreme,
  title={Extreme-scale Scientific Software Development Kit (xSDK) for ECP},
  author={U. M. Yang},
  booktitle={ECP Annual Meeting},
  year={2020},
  address={Houston, TX}
}

@inproceedings{yang2021ecp,
  title={{Extreme-scale Scientific Software Development Kit (xSDK) for ECP}},
  author={U. M. Yang},
  booktitle={ECP Annual Meeting},
  year={2021},
  address={virtual}
}

@inproceedings{yang2022ecp2,
  title={{Extreme-scale Scientific Software Development Kit (xSDK) for ECP}},
  author={U. M. Yang},
  booktitle={ECP Annual Meeting},
  year={2022},
  address={virtual}
}

@inproceedings{munson2022applying,
  title={{What can be learned from applying 'team of teams' principles to Exascale Computing Projects PETSc, Trilinos, xSDK and E4S?}},
  author={T. Munson and J. Willenbring and U. M. Yang},
  booktitle={ECP Annual Meeting},
  year={2022},
  address={May 4}
}