@misc{www:2015:RSC,
  author       = {{IDEAS Productivity}},
  howpublished = {\url{http://ideas-productivity.org/resources/workshops/2015-09-software-crisis/}},
  title        = {Responding to the Software Crisis in DOE Scientific Computing},
  year         = {2015},
  note = {accessed 2022-11-28}
}

@TechReport{Heroux:2016:PSC,
  author = 	 {Michael A. Heroux and Gabrielle Allen},
  title = 	 {Productive and Sustainable Computational Science \&
                  Engineering Software Productivity and Sustainability
                  (CSESSP) Challenges Workshop Report},
  institution =  {Networking and Information Technology Research and Development (NITRD) Program},
  year = 	 2016,
  address = 	 {Arlington, VA},
  month = 	 {September},
  note = 	 {available at \url{https://www.nitrd.gov/PUBS/CSESSPWorkshopReport.pdf}, accessed 2022-11-28},
  url = {https://www.nitrd.gov/PUBS/CSESSPWorkshopReport.pdf},
}

@misc{www:bssw-tutorial,
  author       = {{IDEAS Productivity Project}},
  howpublished = {\url{https://bssw-tutorial.github.io/}},
  title        = {{The Better Scientific Software (BSSw) Tutorial}},
  year         = {2022},
}

@misc{www:hpcbp,
  author       = {{IDEAS Productivity Project}},
  howpublished = {\url{https://ideas-productivity.org/events/hpc-best-practices-webinars/}},
  title        = {{Best Practices for HPC Software Developers (Webinar Series)}},
  year         = {2022},
}

@misc{www:bssw.io,
  howpublished = {\url{https://bssw.io/}},
  title        = {{Better Scientific Software (BSSw) Website}},
  key        = {Better Scientific Software},
}

@misc{www:bssw.io-year-in-review2021,
  howpublished = {\url{https://bssw.io/blog_posts/better-scientific-software-2021-highlights}},
  title        = {{Better Scientific Software: 2021 Highlights}},
  author        = {Rinku Gupta},
  year         = {January 2022},
}

@misc{www:bssw.io-year-in-review2020,
  howpublished = {\url{https://bssw.io/blog_posts/better-scientific-software-2020-highlights}},
  title        = {{Better Scientific Software: 2020 Highlights}},
  author        = {Rinku Gupta},
  year         = {January 2021},
}

 @misc{www:bssw.io-year-in-review2019,
  howpublished = {\url{https://bssw.io/blog_posts/better-scientific-software-2019-highlights}},
  title        = {{Better Scientific Software: 2019 Highlights}},
  author        = {Rinku Gupta},
  year         = {January 2020},
}

@misc{www:intersect,
  howpublished = {\url{https://intersect-training.org/}},
  title        = {INTERSECT – Research Software Engineering Training},
  note = {accessed 2022-11-29}
}

@misc{www:trustedci,
  howpublished = {\url{https://www.trustedci.org/}},
  title        = {Trusted CI, the NSF Cybersecurity Center of Excellence},
  year         = {2022},
  note = {accessed 2022-11-29}
}

@misc{www:usrse,
  howpublished = {\url{https://us-rse.org/}},
  title        = {The United States Research Software Engineer Association},
  year         = {2022},
  note = {accessed 2022-11-29}
}

@misc{www:hbr,
  howpublished = {\url{https://hbr.org/2014/08/why-women-dont-apply-for-jobs-unless-theyre-100-qualified}},
  title        = {Why Women Don’t Apply for Jobs Unless They’re 100\% Qualified},
  year         = {2014},
  note = {accessed 2022-12-18}
}

@misc{www:bias,
  howpublished = {\url{https://www.entrepreneur.com/living/6-common-hiring-practices-with-unintentional-bias/317858}},
  title        = {6 Common Hiring Practices With Unintentional Bias},
  year         = {2018},
  note = {accessed 2022-12-18}
}


@inproceedings{Heroux:2020:LSP,
  author    = {Heroux, Michael A.
               and Gonsiorowski, Elsa
               and Gupta, Rinku
               and Milewicz, Reed
               and Moulton, J. David
               and Watson, Gregory R.
               and Willenbring, Jim
               and Zamora, Richard J.
               and Raybourn, Elaine M.},
  editor    = {Juckeland, Guido
               and Chandrasekaran, Sunita},
  title     = {Lightweight Software Process Improvement Using Productivity and Sustainability Improvement Planning (PSIP)},
  booktitle = {Tools and Techniques for High Performance Computing},
  year      = {2020},
  publisher = {Springer International Publishing},
  address   = {Cham},
  pages     = {98--110},
  abstract  = {Productivity and Sustainability Improvement Planning (PSIP) is a lightweight, iterative workflow that allows software development teams to identify development bottlenecks and track progress to overcome them. In this paper, we present an overview of PSIP and how it compares to other software process improvement (SPI) methodologies, and provide two case studies that describe how the use of PSIP led to successful improvements in team effectiveness and efficiency.},
  isbn      = {978-3-030-44728-1},
  doi = {https://doi.org/10.1007/978-3-030-44728-1_6}
}

@misc{Bernholdt:2022:SSS,
  title        = {The Science of Scientific-Software Development and Use},
  author       = {Bernholdt, David E. and Cary, John and Heroux, Michael and McInnes, Lois Curfman},
  howpublished = {brochure from the basic research needs workshop, \url{https://doi.org/10.2172/1846008}},
  doi          = {10.2172/1846008},
  url          = {https://doi.org/10.2172/1846008},
  year         = {2022},
  month        = {1},
}

@misc{www:bsswf-mof,
  howpublished = {\url{https://bssw.io/pages/meet-our-fellows}},
  title        = {{BSSw Fellowship Program: Meet Our Fellows}},
  key        = {BSSw Fellowship Program: Meet Our Fellows},
}

@misc{www:bsswf,
  howpublished = {\url{https://bssw.io/fellowship}},
  title        = {{Better Scientific Software (BSSw) Fellowship Program}},
  key        = {Better Scientific Software (BSSw) Fellowship Program}
}

@misc{www:bssw.io-contributors,
  howpublished = {\url{https://bssw.io/items/contributors}},
  title        = {{Better Scientific Software (BSSw) Contributors}},
  key        = {Better Scientific Software (BSSw) Contributors}
}

@book{Catlin:2021:BAE,
  author    = {Karen Catlin and Sally McGraw},
  edition   = {2nd},
  publisher = {Better Allies Press},
  title     = {Better Allies: Everyday Actions to Create Inclusive, Engaging Workplaces},
  year      = {2021},
  isbn      = {978-1732723351}
}

@book{McChrystal:2015:TTN,
  author    = {Stanley McChrystal and Tantum Collins and David Silverman  and Chris Fussell},
  publisher = {Portfolio},
  title     = {Team of Teams: New Rules of Engagement for a Complex World},
  year      = {2015}
}

@misc{CSCCS:www:SCE,
  author       = {Center for Scientific Collaboration and Community Engagement},
  howpublished = {\url{https://www.cscce.org/trainings/cef/}},
  title        = {Scientific Community Engagement Fundamentals},
  note = {accessed 2022-12-10}
}

@misc{CSCCE-website,
  key       = {{Center for Scientific Collaboration and Community Engagement}},
  howpublished = {\url{https://www.cscce.org}},
  title        = {{Center for Scientific Collaboration and Community Engagement}},
}

@book{Rogers:2003:DI,
  author    = {Everett M. Rogers},
  publisher = {Free Press},
  title     = {Diffusion of Innovations},
  edition   = {5th},
  year      = {2003}
}

@book{Carnegie:2012:HWF,
  author    = {Dale Carnegie},
  publisher = {Arrow (Random)},
  title     = {How to Win Friends \& Influence People},
  year      = {2012}
}

@book{Cohen:2017:IA,
  author    = {Allan R. Cohen and David L. Bradford},
  publisher = {Wiley},
  title     = {Influence Without Authority},
  edition   = {3rd},
  year      = {2017}
}

@misc{ANL:www:SCS,
  author       = {Argonne National Laboratory},
  howpublished = {\url{https://www.anl.gov/science-careers-in-search-of-women}},
  title        = {Science Careers in Search of Women},
  note         = {accessed 2022-12-10}
}

@misc{imposter,
  title        = {Definition of imposter syndrome},
  howpublished = {\url{https://www.merriam-webster.com/dictionary/impostor%20syndrome}},
  note         = {accessed 2022-12-12}
}


@Incollection{Breeze2018,
author="Breeze, Maddie",
editor="Taylor, Yvette
and Lahad, Kinneret",
title="Imposter Syndrome as a Public Feeling",
bookTitle="Feeling Academic in the Neoliberal University: Feminist Flights, Fights and Failures",
year="2018",
publisher="Springer International Publishing",
address="Cham",
pages="191--219",
isbn="978-3-319-64224-6",
doi="10.1007/978-3-319-64224-6_9",
url="https://doi.org/10.1007/978-3-319-64224-6_9"
}

@article{Mullangi,
    author = {Mullangi, Samyukta and Jagsi, Reshma},
    title = "{Imposter Syndrome: Treat the Cause, Not the Symptom}",
    journal = {JAMA},
    volume = {322},
    number = {5},
    pages = {403-404},
    year = {2019},
    month = {08},
    issn = {0098-7484},
    doi = {10.1001/jama.2019.9788},
    url = {https://doi.org/10.1001/jama.2019.9788},
    eprint = {https://jamanetwork.com/journals/jama/articlepdf/2740724/jama\_mullangi\_2019\_po\_190026.pdf},
}

@article{Dubey2009,
  title={Extensible component-based architecture for FLASH, a massively parallel, multiphysics simulation code},
  author={Dubey, Anshu and Antypas, Katie and Ganapathy, Murali K and Reid, Lynn B and Riley, Katherine and Sheeler, Dan and Siegel, Andrew and Weide, Klaus},
  journal={Parallel Computing},
  volume={35},
  number={10-11},
  pages={512--522},
  year={2009},
  publisher={North-Holland}
}

@misc{ukrse:www:about,
  author       = {Society of Research Software Engineering},
  howpublished = {\url{https://society-rse.org/about/}},
  accessed = {2022-12-14}
}

@misc{www:ideas-events,
  author       = {IDEAS Productivity},
  howpublished = {\url{https://ideas-productivity.org/events/}},
  title        = {Events},
  year         = {2022},
}

@misc{www:ali,
  author       = {Argonne National Laboratory},
  howpublished = {\url{https://leadershipinstitute.anl.gov/}},
  title        = {Leadership Institute},
  note         = {accessed 2022-12-17}
}

@misc{www:ssi,
  author       = {Software Sustainability Institute},
  howpublished = {\url{https://www.software.ac.uk/}},
  note         = {accessed 2022-12-17}
}

@misc{www:sei,
  author       = {Carnegie Mellon University},
  howpublished = {\url{https://sei.cmu.edu/}},
  title        = {Software Engineering Institute},
  year         = {2022},
  note = {accessed 2022-12-17}
}

@misc{www:alcf,
  author       = {Argonne Leadership Computing Facility},
  howpublished = {\url{https://www.alcf.anl.gov/}},
  note         = {accessed 2022-12-17}
}

@misc{www:esnet,
  author       = {ESnet: Energy Science Network},
  howpublished = {\url{https://www.es.net/}},
  note         = {accessed 2022-12-17}
}

@misc{www:olcf,
  author       = {Oak Ridge Leadership Computing Facility},
  howpublished = {\url{https://www.olcf.ornl.gov/}},
  note         = {accessed 2022-12-17}
}

@misc{www:nersc,
  author       = {National Energy Research Scientific Computing Center},
  howpublished = {\url{https://www.nersc.gov/}},
  note         = {accessed 2022-12-17}
}

@misc{www:ghc,
  author       = {AnitaB.org},
  howpublished = {\url{https://ghc.anitab.org/}},
  title        = {Grace Hopper Celebration},
  year         = {2022},
  note         = {accessed 2022-12-18}
}

@misc{www:tapia,
  howpublished = {\url{https://tapiaconference.cmd-it.org/}},
  title        = {CMD-IT/ACM Richard Tapia Celebration of Diversity in Computing Conference},
  year         = {2022},
  note         = {accessed 2022-12-18}
}

@misc{www:nlwoc,
  howpublished = {\url{https://blogs.anl.gov/nlwoc/}},
  title        = {National Laboratory Women of Color Community Forum},
  note         = {accessed 2022-12-18},  
}

@misc{www:srp,
  author       = {Sustainable Horizons Institute},
  howpublished = {\url{https://shinstitute.org/sustainable-research-pathways-2022/}},
  title        = {Sustainable Research Pathways},
  year         = {2022},
  note         = {accessed 2022-12-18}
}

@misc{www:anl-diversity,
  author       = {Argonne National Laboratory},
  howpublished = {\url{https://www.anl.gov/diversity-and-inclusion}},
  title        = {Diversity and Inclusion},
  note         = {accessed 2022-12-18}
}

@misc{www:lbnl-diversity,
  author       = {Berkeley Lab},
  howpublished = {\url{https://diversity.lbl.gov/}},
  title        = {IDEA: Inclusion Diversity Equity Accountability},
  note         = {accessed 2022-12-18}
}

@misc{www:ornl-diversity,
  author       = {Oak Ridge National Laboratory},
  howpublished = {\url{https://diversity.ornl.gov/}},
  title        = {Diversity, Equity, and Inclusion},
  note         = {accessed 2022-12-18}
}